@inproceedings{sant2015structured,
	title={Structured synchronous reactive programming with C{\'e}u},
	author={Sant'Anna, Francisco and Ierusalimschy, Roberto and Rodriguez, Noemi},
	booktitle={Proceedings of the 14th International Conference on Modularity},
	pages={29--40},
	year={2015},
	organization={ACM}
}
@inproceedings{Santos:2016:CLI:2976796.2976856,
    author = {Santos, Rodrigo C.M. and Lima, Guilherme F. and Sant'Anna, Francisco and Rodriguez, Noemi},
    title = {C\'{E}U-MEDIA: Local Inter-Media Synchronization Using C\'{E}U},
    booktitle = {Proceedings of the 22Nd Brazilian Symposium on Multimedia and the Web},
    series = {Webmedia '16},
    year = {2016},
    pages = {143--150},
    numpages = {8},
    acmid = {2976856},
    publisher = {ACM},
    address = {New York, NY, USA},
    keywords = {C\'{E}U, C\'{E}U-MEDIA, inter-media synchronization, multimedia, synchronous hypothesis},
} 



@inproceedings{benveniste_data-flow_1993,
	title = {Data-flow synchronous languages},
	pages = {1--45},
	booktitle = {Workshop/School/Symposium of the {REX} Project (Research and Education in Concurrent Systems)},
	publisher = {Springer},
	author = {Benveniste, Albert and Caspi, Paul and Le Guernic, Paul and Halbwachs, Nicolas},
	date = {1993}
}

@collection{bhattacharyya_handbook_2013,
	location = {New York, {NY}},
	title = {Handbook of Signal Processing Systems},
	publisher = {Springer New York},
	editor = {Bhattacharyya, Shuvra S. and Deprettere, Ed F. and Leupers, Rainer and Takala, Jarmo},
	date = {2013},
	langid = {english}
}

@inproceedings{garcia:hal-01484077,
	TITLE = {{Timed Sequences: A Framework for Computer-Aided Composition with Temporal Structures}},
	AUTHOR = {Garcia, J{\'e}r{\'e}mie and Bouche, Dimitri and Bresson, Jean},
	BOOKTITLE = {{TENOR2017}},
	ADDRESS = {A Coru{\~n}a, Spain},
	YEAR = {2017},
	MONTH = May,
	HAL_ID = {hal-01484077},
	HAL_VERSION = {v1},
}

@article{bresson:hal-00965747,
	TITLE = {{A Reactive Extension of the OpenMusic Visual Programming Language}},
	AUTHOR = {Bresson, Jean and Giavitto, Jean-Louis},
	JOURNAL = {{Journal of Visual Languages and Computing}},
	PUBLISHER = {{Elsevier}},
	VOLUME = {25},
	NUMBER = {4},
	PAGES = {363-375},
	YEAR = {2014},
	HAL_ID = {hal-00965747},
	HAL_VERSION = {v1},
}


@inproceedings{halang2001safe,
	title={Safe object oriented programming of distributed real time systems in PEARL},
	author={Halang, Wolfgang A and Pereira, Carlos Eduardo and Frigeri, Alceu Heinke},
	booktitle={Proceedings of ISORC-2001},
	pages={87--94},
	year={2001},
	organization={IEEE}
}

@phdthesis{bempelis2015boolean,
	title={Boolean Parametric Data Flow Modeling-Analyses-Implementation},
	author={Bempelis, Evangelos},
	year={2015},
	school={Universit{\'e} Grenoble Alpes}
}


@article{scaletti2002computer,
	title={Computer music languages, Kyma, and the future},
	author={Scaletti, Carla},
	journal={Computer Music Journal},
	volume={26},
	number={4},
	pages={69--82},
	year={2002},
	publisher={MIT Press}
}
@article{scaletti1989kyma,
	title={The Kyma/Platypus computer music workstation},
	author={Scaletti, Carla},
	journal={Computer Music Journal},
	volume={13},
	number={2},
	pages={23--38},
	year={1989},
	publisher={JSTOR}
}

@inproceedings{celerier2015ossia,
  title={OSSIA: Towards a unified interface for scoring time and interaction},
  author={Celerier, Jean-Micha{\"e}l and Baltazar, Pascal and Bossut, Cl{\'e}ment and Vuaille, Nicolas and Couturier, Jean-Michel and others},
  booktitle={TENOR2015},
  year={2015},
  ADDRESS = {Paris, France},
  MONTH = May,
}
@article{arias2016authoring,
	title={Authoring and automatic verification of interactive multimedia scores},
	author={Arias, Jaime and Celerier, Jean-Micha{\"e}l and Desainte-Catherine, Myriam},
	journal={Journal of New Music Research},
	pages={1--19},
	year={2016},
	publisher={Taylor \& Francis}
}

@inproceedings{celerier2016graphical,
    title={Graphical Temporal Structured Programming for Interactive Music},
    author={Celerier, Jean-Micha{\"e}l and Desainte-Catherine, Myriam and Couturier, Jean-Michel},
    booktitle={International Computer Music Conference},
    year={2016}
}
@inproceedings{celerier2016rethinking,
    title={Rethinking the audio workstation: tree-based sequencing with i-score and the LibAudioStream},
    author={Celerier, Jean-Micha{\"e}l and Desainte-Catherine, Myriam and Couturier, Jean-Michel},
    booktitle={Sound and Music Computing},
    year={2016}
}
@article{lamport1998part,
title={The part-time parliament},
author={Lamport, Leslie},
journal={ACM Transactions on Computer Systems (TOCS)},
volume={16},
number={2},
pages={133--169},
year={1998},
publisher={ACM}
}
@inproceedings{ongaro2014search,
	title={In search of an understandable consensus algorithm},
	author={Ongaro, Diego and Ousterhout, John},
	booktitle={2014 USENIX Annual Technical Conference (USENIX ATC 14)},
	pages={305--319},
	year={2014}
}
@article{sheehy2015there,
    title={There is no now},
    author={Sheehy, Justin},
    journal={Communications of the ACM},
    volume={58},
    number={5},
    pages={36--41},
    year={2015},
    publisher={ACM}
}

@article{mills1991internet,
    title={Internet time synchronization: the network time protocol},
    author={Mills, David L},
    journal={Communications, IEEE Transactions on},
    volume={39},
    number={10},
    pages={1482--1493},
    year={1991},
    publisher={IEEE}
}

@inproceedings{hsu2012measurement,
    title={A measurement of time synchronization on mobile devices},
    author={Hsu, Wang-Hsin and Liu, You-Shun and Lin, Wen-Yen and Tai, Wei-Chen and Wu, Jung-Shyr},
    booktitle={Instrumentation and Measurement Technology Conference (I2MTC), 2012 IEEE International},
    pages={2692--2694},
    year={2012},
    organization={IEEE}
}

@inproceedings{peng2009research,
    title={The research of precision time protocol IEEE1588},
    author={Peng-Fei, Yu and Qiang, Yu and Hui, Deng and Xing-chuan, Bao and Yuan-yuan, Ma},
    booktitle={International Conference on Electrical Engineering},
    year={2009}
}
@article{corbett2013spanner,
    title={Spanner: Googleâ€™s globally distributed database},
    author={Corbett, James C and Dean, Jeffrey and Epstein, Michael and Fikes, Andrew and Frost, Christopher and Furman, Jeffrey John and Ghemawat, Sanjay and Gubarev, Andrey and Heiser, Christopher and Hochschild, Peter and others},
    journal={ACM Transactions on Computer Systems (TOCS)},
    volume={31},
    number={3},
    pages={8},
    year={2013},
    publisher={ACM}
}
@inproceedings{kulkarni2014logical,
    title={Logical physical clocks},
    author={Kulkarni, Sandeep S and Demirbas, Murat and Madappa, Deepak and Avva, Bharadwaj and Leone, Marcelo},
    booktitle={International Conference on Principles of Distributed Systems},
    pages={17--32},
    year={2014},
    organization={Springer}
}
@inproceedings{carot2009netjack,
    title={Netjack-Remote music collaboration with electronic sequencers on the Internet},
    author={Car{\^o}t, Alexander and Hohn, Torben and Werner, Christian},
    booktitle={Linux Audio Conference},
    year={2009}
}
@inproceedings{carot2007networked,
    title={Networked music performance: State of the art},
    author={Car{\^o}t, Alexander and Rebelo, Pedro and Renaud, Alain},
    booktitle={Audio engineering society conference: 30th international conference: intelligent audio environments},
    year={2007},
    organization={Audio Engineering Society}
}

@article{pignato2015deterritorialized,
    title={Deterritorialized, Multilocated and Distributed: Musical space, poietic domains and cognition in distance collaboration},
    author={Pignato, Joseph Michael and Begany, Grace M},
    journal={Journal of Music, Technology \& Education},
    volume={8},
    number={2},
    pages={111--128},
    year={2015},
    publisher={Intellect}
}

@article{koszolko2015crowdsourcing,
    title={Crowdsourcing, jamming and remixing: a qualitative study of contemporary music production practices in the cloud},
    author={Koszolko, Martin K},
    journal={Journal on the Art of Record Production},
    volume={10},
    year={2015},
    publisher={Art of Record Production}
}


@article{scheiterer2009synchronization,
    title={Synchronization performance of the precision time protocol in industrial automation networks},
    author={Scheiterer, Ruxandra Lupas and Na, Chongning and Obradovic, Dragan and Steindl, G{\"u}nter},
    journal={Instrumentation and Measurement, IEEE Transactions on},
    volume={58},
    number={6},
    pages={1849--1857},
    year={2009},
    publisher={IEEE}
}

@article{elson2002fine,
    title={Fine-grained network time synchronization using reference broadcasts},
    author={Elson, Jeremy and Girod, Lewis and Estrin, Deborah},
    journal={ACM SIGOPS Operating Systems Review},
    volume={36},
    number={SI},
    pages={147--163},
    year={2002},
    publisher={ACM}
}

@article{abari2014one,
    title={One Clock to Rule Them All: A Primitive for Distributed Wireless Protocols at the Physical Layer},
    author={Abari, Omid and Rahul, Hariharan and Katabi, Dina},
    year={2014}
}

@inproceedings{syed2006time,
    title={Time Synchronization for High Latency Acoustic Networks.},
    author={Syed, Affan A and Heidemann, John S},
    booktitle={INFOCOM},
    year={2006}
}

@article{torres1999plausible,
    title={Plausible clocks: constant size logical clocks for distributed systems},
    author={Torres-Rojas, Francisco J and Ahamad, Mustaque},
    journal={Distributed Computing},
    volume={12},
    number={4},
    pages={179--195},
    year={1999},
    publisher={Springer}
}

@misc{banerjee2012network,
    title={Network latency estimation},
    author={Banerjee, S. and Sharma, P. and Lee, S.J.},
    url={http://www.google.com/patents/US8254264},
    year={2012},
    month=aug # "~28",
    publisher={Google Patents},
    note={US Patent 8,254,264}
}

@inproceedings{gummadi2002king,
    title={King: Estimating latency between arbitrary internet end hosts},
    author={Gummadi, Krishna P and Saroiu, Stefan and Gribble, Steven D},
    booktitle={Proceedings of the 2nd ACM SIGCOMM Workshop on Internet measurment},
    pages={5--18},
    year={2002},
    organization={ACM}
}

@patent{im2000method,
    title={Method and system for peer-to-peer network latency measurement},
    author={Im, Hoon and Link, Craig A},
    year={2000},
    month=jan # "~4",
    publisher={Google Patents},
    note={US Patent 6,012,096}
}

@inproceedings{arumi2006dataflow,
	title={A dataflow pattern catalog for sound and music computing},
	author={Arum{\'\i}, Pau and Garc{\'\i}a, David and Amatriain, Xavier},
	booktitle={Proceedings of the 2006 conference on Pattern languages of programs},
	pages={26},
	year={2006},
	organization={ACM}
}

@INPROCEEDINGS{Freed09featuresand,
	author = {Adrian Freed and Andy Schmeder},
	title = {Features and future of open sound control version 1.1 for nime},
	booktitle = {Proceedings of the 9th Conference on New Interfaces for Musical Expression},
	year = {2009},
	pages = {116--120}
}
@inproceedings{mills2010dislocated,
    title={Dislocated sound: A survey of improvisation in networked audio platforms},
    author={Mills, RH},
    booktitle={New Interfaces for Musical Expression},
    year={2010},
    organization={University of Technology, Sydney.}
}

@inproceedings{mckinney2012oscthulhu,
    title={Oscthulhu: Applying video game state-based synchronization to network computer music},
    author={McKinney, Curtis and McKinney, Chad},
    booktitle={International Computer Music Conference},
    year={2012}
}
@article{ferrant2008synchronous,
    title={Synchronous Ethernet: A method to transport synchronization},
    author={Ferrant, J-L and Gilson, Mike and Jobert, Sebastien and Mayer, Michael and Ouellette, Michel and Montini, Laurent and Rodrigues, Silvana and Ruffini, Stefano},
    journal={IEEE Communications Magazine},
    volume={46},
    number={9},
    year={2008},
    publisher={IEEE}
}
@inproceedings{oda2016global,
title={The Global Metronome: Absolute tempo sync for networked musical performance},
author={Oda, Reid and Fiebrink, Rebecca and others},
booktitle={New Interfaces for Musical Expression},
year={2016},
publisher={Goldsmiths University of London}
}



@article{lamport1978time,
title={Time, clocks, and the ordering of events in a distributed system},
author={Lamport, Leslie},
journal={Communications of the ACM},
volume={21},
number={7},
pages={558--565},
year={1978},
publisher={ACM}
}
